<?xml version="1.0" encoding="UTF-8"?><collection xmlns="http://www.loc.gov/MARC21/slim"><record><leader>00428nam--2200145-i-4500</leader><controlfield tag="001">000017030</controlfield><controlfield tag="002">20161230</controlfield><controlfield tag="005">20161230201032</controlfield><controlfield tag="008">060222s1000------------r-----000-0-eng-d</controlfield><datafield ind1=" " ind2=" " tag="080"><subfield code="a">620.179.15</subfield></datafield><datafield ind1=" " ind2=" " tag="100"><subfield code="a">Brinzan Constantin Si Radu Rodica</subfield></datafield><datafield ind1=" " ind2=" " tag="245"><subfield code="a">Controlul nedistructiv al materialelor prin metode radioactive</subfield></datafield><datafield ind1=" " ind2=" " tag="260"><subfield code="a">Bucuresti, Editura Tehnica, 1975 434 P</subfield></datafield><datafield ind1=" " ind2=" " tag="490"><subfield code="a">Seria Fixica Moderna Aplicata</subfield></datafield><datafield ind1=" " ind2=" " tag="852"><subfield code="a">42389</subfield></datafield></record></collection>